<?xml version="1.0" encoding="UTF-8"?><collection xmlns="http://www.loc.gov/MARC21/slim"><record><leader>00387nam--2200133-i-4500</leader><controlfield tag="001">000050086</controlfield><controlfield tag="002">20161230</controlfield><controlfield tag="005">20161230201048</controlfield><controlfield tag="008">060222s1000------------r-----000-0-eng-d</controlfield><datafield ind1=" " ind2=" " tag="080"><subfield code="a">621.3.016.4</subfield></datafield><datafield ind1=" " ind2=" " tag="100"><subfield code="a">Metodicheskie Osobennosti Optimizacii Sistem Energosnabzheniia Selskih Raionov</subfield></datafield><datafield ind1=" " ind2=" " tag="245"><subfield code="a">Tallin, akademiia nauk estonskoi ssr, 1975, 150s</subfield></datafield><datafield ind1=" " ind2=" " tag="700"><subfield code="a">Barabaner,H</subfield></datafield><datafield ind1=" " ind2=" " tag="852"><subfield code="a">75440</subfield></datafield></record></collection>